<?xml version="1.0" encoding="UTF-8"?><record xmlns="http://www.loc.gov/MARC21/slim" xmlns:cinclude="http://apache.org/cocoon/include/1.0" xmlns:zs="http://www.loc.gov/zing/srw/">
  <leader>01144cz  a2200229n  4500</leader>
  <controlfield tag="001">n  95047390 </controlfield>
  <controlfield tag="003">DLC</controlfield>
  <controlfield tag="005">20141217134355.0</controlfield>
  <controlfield tag="008">950512n| acannaabn          |n aba      </controlfield>
  <datafield tag="010" ind1=" " ind2=" ">
    <subfield code="a">n  95047390 </subfield>
  </datafield>
  <datafield tag="035" ind1=" " ind2=" ">
    <subfield code="a">(OCoLC)oca03836444</subfield>
  </datafield>
  <datafield tag="040" ind1=" " ind2=" ">
    <subfield code="a">DLC</subfield>
    <subfield code="b">eng</subfield>
    <subfield code="c">DLC</subfield>
    <subfield code="d">DLC</subfield>
    <subfield code="d">Uk</subfield>
    <subfield code="d">NN</subfield>
    <subfield code="d">TxU-Mu</subfield>
    <subfield code="d">DLC</subfield>
  </datafield>
  <datafield tag="100" ind1="1" ind2=" ">
    <subfield code="a">Berry, Andrew</subfield>
  </datafield>
  <datafield tag="667" ind1=" " ind2=" ">
    <subfield code="a">THIS 1XX FIELD CANNOT BE USED UNDER RDA UNTIL THIS UNDIFFERENTIATED RECORD HAS BEEN HANDLED FOLLOWING THE GUIDELINES IN DCM Z1 008/32</subfield>
  </datafield>
  <datafield tag="670" ind1=" " ind2=" ">
    <subfield code="a">[Author of Disparate cogscienti]</subfield>
  </datafield>
  <datafield tag="670" ind1=" " ind2=" ">
    <subfield code="a">The Disparate cogscienti, p1988:</subfield>
    <subfield code="b">container (Andrew Berry, vocals)</subfield>
  </datafield>
  <datafield tag="670" ind1=" " ind2=" ">
    <subfield code="a">[Author of Bridging the communication gap]</subfield>
  </datafield>
  <datafield tag="670" ind1=" " ind2=" ">
    <subfield code="a">Bridging the communication gap, 1993:</subfield>
    <subfield code="b">t.p. (Andrew Berry)</subfield>
  </datafield>
  <datafield tag="670" ind1=" " ind2=" ">
    <subfield code="a">[Illustrator of Scotsman's dream]</subfield>
  </datafield>
  <datafield tag="670" ind1=" " ind2=" ">
    <subfield code="a">Scotsman's dream, 2002:</subfield>
    <subfield code="b">t.p. (frontispiece and other ill. by Andrew Berry) p. 522 (Andrew Berry, of San Francisco; Andy; son of the author, Warner Bott Berry)</subfield>
  </datafield>
  <datafield tag="670" ind1=" " ind2=" ">
    <subfield code="a">[Co-author of Teaching problem-solving and thinking skills through science]</subfield>
  </datafield>
  <datafield tag="670" ind1=" " ind2=" ">
    <subfield code="a">Teaching problem-solving and thinking skills through science, c2008:</subfield>
    <subfield code="b">ECIP t.p. (Andrew Berry)</subfield>
  </datafield>
</record>